@misc{CellularNews_ColtanInIphones,
  title        = "Coltan and Mobile Phones: The Wonders & the Sad Truth About It",
  author       = "Rexan",
  howpublished = "\url{https://cellularnews.com/mobile-phone/coltan/}",
  year         = 2021,
}

@misc{Wired_Note7Exploding,
  title        = "Samsung Finally Reveals Why the Note 7 Kept Exploding",
  abstract     = "The smartphone maker offered an explanation today regarding the Galaxy Note 7's combustion problems."
  author       = "Tim Moynihan",
  howpublished = "\url{https://www.wired.com/2017/01/why-the-samsung-galaxy-note-7-kept-exploding/}",
  year         = 2017,
}
